% This file was created with JabRef 2.10.
% Encoding: UTF-8


@InProceedings{Davison2000,
  Title                    = {Topical Locality in the Web},
  Author                   = {Brian D. Davison},
  Booktitle                = {Proceedings of the 23rd Annual International Conference on Research and Development in Information Retrieval (SIGIR 2000)},
  Year                     = {2000},
  Pages                    = {272--279},

  Owner                    = {rdorado},
  Timestamp                = {2017.04.27}
}

@InProceedings{Garcia2011,
  Title                    = {Automatic acquisition of taxonomies in different languages from multiple Wikipedia versions},
  Author                   = {Renato Dominguez Garcia and Christoph Rensing and Ralf Steinmetz},
  Booktitle                = {Proceedings of the 11th International Conference on Knowledge Management and Knowledge Technologies (i-KNOW '11)},
  Year                     = {2011},

  Owner                    = {rdorado},
  Timestamp                = {2017.04.27}
}

@InProceedings{Greenwood2006,
  Title                    = {Improving semi-supervised acquisition of relation extraction patterns},
  Author                   = {Mark A. Greenwood and Mark Stevenson},
  Booktitle                = {Proceedings of the Workshop on Information Extraction Beyond The Document (IEBeyondDoc-06)},
  Year                     = {2006},
  Pages                    = {29--35},

  Owner                    = {rdorado},
  Timestamp                = {2017.05.12}
}

@InProceedings{Hu2015,
  Title                    = {Learning Topic Hierarchies for Wikipedia Categories},
  Author                   = {Linmei Hu and Xuzhong Wang and Mengdi Zhang and Juanzi Li and Xiaoli Li and Chao Shao and Jie Tang and Yongbin Liu},
  Booktitle                = {Proceedings of the 53rd Annual Meeting of the Association for Computational Linguistics and the 7th International Joint Conference on Natural Language Processing (Volume 1: Long Papers)},
  Year                     = {2015},

  Owner                    = {rdorado},
  Timestamp                = {2016.06.01}
}

@InProceedings{Klein2003,
  Title                    = {Accurate Unlexicalized Parsing},
  Author                   = {Dan Klein and Christopher D. Manning},
  Booktitle                = {Proceedings of the 41st Annual Meeting on Association for Computational Linguistics (ACL-03)},
  Year                     = {2003},
  Pages                    = {423--430},
  Volume                   = {1},

  Owner                    = {rdorado},
  Timestamp                = {2017.05.12}
}

@InBook{Leacock1998,
  Title                    = {WordNet: An Electronic Lexical Database},
  Author                   = {Claudia Leacock and Martin Chodorow},
  Chapter                  = {Chapter 11: Combining Local Context and WordNet Similarity for Word Sense Identification},
  Pages                    = {265–283},
  Publisher                = {MIT Press, Cambridge, MA},
  Year                     = {1998},

  Owner                    = {rdorado},
  Timestamp                = {2016.07.31}
}

@Article{Lin2001,
  Title                    = {Discovery of inference rules for question-answering},
  Author                   = {Dekang Lin and Patrick Pantel},
  Journal                  = {Journal Natural Language Engineering},
  Year                     = {2001},
  Pages                    = {343--360},

  Owner                    = {rdorado},
  Timestamp                = {2017.05.12}
}

@InProceedings{Lin2011,
  Title                    = {Unsupervised Language-Independent Name Translation Mining from Wikipedia Infoboxes},
  Author                   = {Wen-Pin Lin and Matthew Snover and Heng Ji},
  Booktitle                = {Proceedings of EMNLP 2011, Conference on Empirical Methods in Natural Language Processing},
  Year                     = {2011},
  Pages                    = {43--52},

  Owner                    = {rdorado},
  Timestamp                = {2016.06.15}
}

@InProceedings{Makris2013,
  Title                    = {Improved text annotation with Wikipedia entities},
  Author                   = {Christos Makris and Yannis Plegas and Evangelos Theodoridis},
  Booktitle                = {Proceedings of the 28th Annual ACM Symposium on Applied Computing},
  Year                     = {2013},
  Pages                    = {288--295},

  Owner                    = {rdorado},
  Timestamp                = {2017.04.27}
}

@Article{Mihaltz2010,
  Title                    = {Information Extraction from Wikipedia Using Pattern Learning},
  Author                   = {M\'arton Mih\'altz},
  Journal                  = {Acta Cybernetica},
  Year                     = {2010},
  Number                   = {19},
  Pages                    = {677--694},

  Owner                    = {rdorado},
  Timestamp                = {2017.05.12}
}

@InProceedings{Mihalce2007,
  Title                    = {Using Wikipedia for Automatic Word Sense Disambiguation},
  Author                   = {Rada Mihalcea},
  Booktitle                = {Proceedings of NAACL HLT 2007},
  Year                     = {2007},
  Pages                    = {196--203},

  Owner                    = {rdorado},
  Timestamp                = {2017.04.27}
}

@InProceedings{Nakayama2007,
  Title                    = {A Thesaurus Construction Method from Large Scale Web Dictionaries},
  Author                   = {Kotaro Nakayama and Takahiro Hara and Shojiro Nishio},
  Booktitle                = {21st International Conference on Advanced Information Networking and Applications},
  Year                     = {2007},
  Pages                    = {932--939},

  Owner                    = {rdorado},
  Timestamp                = {2017.05.12}
}

@InProceedings{Nivre2016,
  Title                    = {Universal Dependencies v1: A Multilingual Treebank Collection},
  Author                   = {Joakim Nivre and Marie-Catherine de Marneffe and Filip Ginter and Yoav Goldberg and Jan Hajic and Christopher D. Manning and Ryan McDonald and Slav Petrov and Sampo Pyysalo and Natalia Silveira and Reut Tsarfaty and Daniel Zeman},
  Booktitle                = {LREC 2016},
  Year                     = {2016},

  Owner                    = {rdorado},
  Timestamp                = {2017.05.06}
}

@Article{Stevenson2009,
  Title                    = {Dependency Pattern Models for Information Extraction},
  Author                   = {Mark Stevenson and Mark A. Greenwood},
  Journal                  = {Dependency Pattern Models for Information Extraction},
  Year                     = {2009},
  Number                   = {13},
  Volume                   = {7},

  Owner                    = {rdorado},
  Timestamp                = {2017.05.12}
}

@InProceedings{Sudo2001,
  Title                    = {Automatic Pattern Acquisition for Japanese Information Extraction},
  Author                   = {Kiyoshi Sudo and Satoshi Sekine and Ralph Grishman},
  Booktitle                = {Proceedings of the Human Language Technology Conference (HLT-2001)},
  Year                     = {2001},

  Owner                    = {rdorado},
  Timestamp                = {2017.05.12}
}

@InProceedings{Szpektor2004,
  Title                    = {Scaling Web-based Acquisition of Entailment Relation},
  Author                   = {Idan Szpektor and Hristo Tanev and Ido Dagan and Bonaventura Coppola},
  Booktitle                = {Proceedings of the 2009 Conference on Empirical Methods in Natural Language Processing},
  Year                     = {2004},
  Pages                    = {41--48},

  Owner                    = {rdorado},
  Timestamp                = {2017.05.12}
}

@InProceedings{Wu1994,
  Title                    = {Verb semantics and lexical selection},
  Author                   = {Zhibiao Wu and Martha Palmer},
  Booktitle                = {Proceedings of the 32nd Annual Meeting of the Association for Computational Linguistics},
  Year                     = {1994},
  Pages                    = {133–138},

  Owner                    = {rdorado},
  Timestamp                = {2016.07.31}
}

@InProceedings{Yangarber2003,
  Title                    = {Counter-Training in Discovery of Semantic Patterns},
  Author                   = {Roman Yangarber},
  Booktitle                = {Proceedings of the 41st Annual Meeting on Association for Computational Linguistics},
  Year                     = {2003},
  Number                   = {343--350},

  Owner                    = {rdorado},
  Timestamp                = {2017.05.12}
}

@InProceedings{Zesch2007,
  Title                    = {Analysis of the wikipedia category graph for NLP applications},
  Author                   = {Torsten Zesch and Iryna Gurevych},
  Booktitle                = {Proceedings of the TextGraphs-2 Workshop (NAACL-HLT 2007)},
  Year                     = {2007},
  Pages                    = {1--8},

  Owner                    = {rdorado},
  Timestamp                = {2016.06.15}
}

